@book{Moore,
    title = {A General Relativity Workbook},
    author = {Thomas A. Moore},
    isbn = {978-1-891389-82-5},
    year = {2013},
    publisher = {University Science Books Mill Valley},
}

@ARTICLE{2010ApJ...724...39S,
       author = {{Schnittman}, Jeremy D.},
        title = "{The Lagrange Equilibrium Points L $_{4}$ and L $_{5}$ in Black Hole Binary System}",
      journal = {\apj},
     keywords = {black hole physics, galaxies: nuclei, gravitational waves, relativistic processes, Astrophysics - High Energy Astrophysical Phenomena, General Relativity and Quantum Cosmology},
         year = 2010,
        month = nov,
       volume = {724},
       number = {1},
        pages = {39-48},
          doi = {10.1088/0004-637X/724/1/39},
archivePrefix = {arXiv},
       eprint = {1006.0182},
 primaryClass = {astro-ph.HE},
       adsurl = {https://ui.adsabs.harvard.edu/abs/2010ApJ...724...39S},
      adsnote = {Provided by the SAO/NASA Astrophysics Data System}
}

@article{peters1964gravitational,
  title={Gravitational radiation and the motion of two point masses},
  author={Peters, Philip Carl},
  journal={Physical Review},
  volume={136},
  number={4B},
  pages={B1224},
  year={1964},
  publisher={APS}
}