@book{carroll2019spacetime,
  title={Spacetime and geometry},
  author={Carroll, Sean M},
  year={2019},
  publisher={Cambridge University Press}
}

@misc{hartle2003gravity,
  title={Gravity: an introduction to Einsteinâ€™s general relativity},
  author={Hartle, James B},
  year={2003},
  publisher={American Association of Physics Teachers}
}

@book{wald2010general,
  title={General relativity},
  author={Wald, Robert M},
  year={2010},
  publisher={University of Chicago press}
}

@book{choudhuri_1998, place={Cambridge}, title={The Physics of Fluids and Plasmas: An Introduction for Astrophysicists}, DOI={10.1017/CBO9781139171069}, publisher={Cambridge University Press}, author={Choudhuri, Arnab Rai}, year={1998}}