% Textbooks

% GR texts

@book{carroll2019spacetime,
  title={Spacetime and geometry},
  author={Carroll, Sean M},
  year={2019},
  publisher={Cambridge University Press}
}

% @book{carroll2019spacetime,
%   title={Spacetime and geometry},
%   author={Carroll, Sean M},
%   year={2019},
%   publisher={Cambridge University Press}
% }


@misc{hartle2003gravity,
  title={Gravity: an introduction to Einstein’s general relativity},
  author={Hartle, James B},
  year={2003},
  publisher={American Association of Physics Teachers}
}

@book{wald2010general,
  title={General relativity},
  author={Wald, Robert M},
  year={2010},
  publisher={University of Chicago press}
}

% Plasma Physics

@book{choudhuri_1998, place={Cambridge}, title={The Physics of Fluids and Plasmas: An Introduction for Astrophysicists}, DOI={10.1017/CBO9781139171069}, publisher={Cambridge University Press}, author={Choudhuri, Arnab Rai}, year={1998}}

% High energy astro

@book{longair2010high,
  title={High energy astrophysics},
  author={Longair, Malcolm S},
  year={2010},
  publisher={Cambridge university press}
}


% Magnetic reconnection around black holes

@article{comisso2021magnetic,
  title={Magnetic reconnection as a mechanism for energy extraction from rotating black holes},
  author={Comisso, Luca and Asenjo, Felipe A},
  journal={Physical Review D},
  volume={103},
  number={2},
  pages={023014},
  year={2021},
  publisher={APS}
}

@article{AsenjoFelipeA2017RMRi,
author = {Asenjo, Felipe A and Comisso, Luca},
address = {United States},
copyright = {2017. This work is published under http://arxiv.org/licenses/nonexclusive-distrib/1.0/ (the “License”). Notwithstanding the ProQuest Terms and Conditions, you may use this content in accordance with the terms of the License.},
issn = {0031-9007},
journal = {Physical review letters},
keywords = {Approximation ; Black holes ; Black holes (astronomy) ; Configurations ; Current sheets ; Curvature ; Gravitation ; Mathematical analysis ; Mathematical models ; Plasmas ; Relativism ; Relativistic effects ; Relativity ; Rotating plasmas ; Rotation ; Spacetime},
language = {eng},
number = {5},
pages = {055101-055101},
publisher = {Cornell University Library, arXiv.org},
title = {Relativistic Magnetic Reconnection in Kerr Spacetime},
volume = {118},
year = {2017},
}

% Binary black holes

@article{RevModPhys.82.3069,
  title = {Black-hole binaries, gravitational waves, and numerical relativity},
  author = {Centrella, Joan and Baker, John G. and Kelly, Bernard J. and van Meter, James R.},
  journal = {Rev. Mod. Phys.},
  volume = {82},
  issue = {4},
  pages = {3069--3119},
  numpages = {0},
  year = {2010},
  month = {Nov},
  publisher = {American Physical Society},
  doi = {10.1103/RevModPhys.82.3069},
  url = {https://link.aps.org/doi/10.1103/RevModPhys.82.3069}
}

% GWs and multimessenger


@article{abbott2016observation,
  title={Observation of gravitational waves from a binary black hole merger},
  author={Abbott, Benjamin P and Abbott, Richard and Abbott, TD and Abernathy, MR and Acernese, Fausto and Ackley, Kendall and Adams, Carl and Adams, Thomas and Addesso, Paolo and Adhikari, RX and others},
  journal={Physical review letters},
  volume={116},
  number={6},
  pages={061102},
  year={2016},
  publisher={APS}
}

@article{abbott2017gw170817,
  title={GW170817: observation of gravitational waves from a binary neutron star inspiral},
  author={Abbott, Benjamin P and Abbott, Rich and Abbott, TDea and Acernese, Fausto and Ackley, Kendall and Adams, Carl and Adams, Thomas and Addesso, Paolo and Adhikari, RX and Adya, Vaishali B and others},
  journal={Physical review letters},
  volume={119},
  number={16},
  pages={161101},
  year={2017},
  publisher={APS}
}

@article{kasen2017origin,
  title={Origin of the heavy elements in binary neutron-star mergers from a gravitational-wave event},
  author={Kasen, Daniel and Metzger, Brian and Barnes, Jennifer and Quataert, Eliot and Ramirez-Ruiz, Enrico},
  journal={Nature},
  volume={551},
  number={7678},
  pages={80--84},
  year={2017},
  publisher={Nature Publishing Group UK London}
}

@article{perna2019limits,
  title={Limits on electromagnetic counterparts of gravitational-wave-detected binary black hole mergers},
  author={Perna, Rosalba and Lazzati, Davide and Farr, Will},
  journal={The Astrophysical Journal},
  volume={875},
  number={1},
  pages={49},
  year={2019},
  publisher={IOP Publishing}
}

@article{graham2020candidate,
  title={Candidate electromagnetic counterpart to the binary black hole merger gravitational-wave event s190521g},
  author={Graham, MJ and Ford, KES and McKernan, B and Ross, NP and Stern, D and Burdge, K and Coughlin, M and Djorgovski, SG and Drake, AJ and Duev, D and others},
  journal={Physical review letters},
  volume={124},
  number={25},
  pages={251102},
  year={2020},
  publisher={APS}
}

@article{kelly2017prompt,
  title={Prompt electromagnetic transients from binary black hole mergers},
  author={Kelly, Bernard J and Baker, John G and Etienne, Zachariah B and Giacomazzo, Bruno and Schnittman, Jeremy},
  journal={Physical Review D},
  volume={96},
  number={12},
  pages={123003},
  year={2017},
  publisher={APS}
}

% MISC

@article{Shoshany2021_OGRe,
    author    = {Barak Shoshany},
    doi       = {10.21105/joss.03416},
    journal   = {Journal of Open Source Software},
    number    = {65},
    pages     = {3416},
    publisher = {The Open Journal},
    title     = {OGRe: An Object-Oriented General Relativity Package for Mathematica},
    url       = {https://doi.org/10.21105/joss.03416},
    volume    = {6},
    year      = {2021}
}



% @book{carroll2019spacetime,
%   title={Spacetime and Geometry},
%   author={Carroll, Sean M.},
%   year={2019},
%   publisher={Cambridge University Press}
% }

% @book{hartle2003gravity,
%   title={Gravity: An Introduction to Einstein’s General Relativity},
%   author={Hartle, James B.},
%   year={2003},
%   publisher={Addison-Wesley}
% }

% @book{wald2010general,
%   title={General Relativity},
%   author={Wald, Robert M.},
%   year={2010},
%   publisher={University of Chicago Press}
% }

% @book{choudhuri_1998,
%   title={The Physics of Fluids and Plasmas: An Introduction for Astrophysicists},
%   author={Choudhuri, Arnab Rai},
%   year={1998},
%   publisher={Cambridge University Press},
%   doi={10.1017/CBO9781139171069}
% }

% @book{longair2010high,
%   title={High Energy Astrophysics},
%   author={Longair, Malcolm S.},
%   year={2010},
%   publisher={Cambridge University Press}
% }

% @article{comisso2021magnetic,
%   title={Magnetic Reconnection as a Mechanism for Energy Extraction from Rotating Black Holes},
%   author={Comisso, Luca and Asenjo, Felipe A.},
%   journal={Physical Review D},
%   volume={103},
%   number={2},
%   pages={023014},
%   year={2021},
%   publisher={American Physical Society}
% }

% @article{AsenjoFelipeA2017RMRi,
%   title={Relativistic Magnetic Reconnection in Kerr Spacetime},
%   author={Asenjo, Felipe A. and Comisso, Luca},
%   journal={Physical Review Letters},
%   volume={118},
%   number={5},
%   pages={055101},
%   year={2017},
%   publisher={American Physical Society}
% }

% @article{RevModPhys.82.3069,
%   title={Black-Hole Binaries, Gravitational Waves, and Numerical Relativity},
%   author={Centrella, Joan and Baker, John G. and Kelly, Bernard J. and van Meter, James R.},
%   journal={Reviews of Modern Physics},
%   volume={82},
%   number={4},
%   pages={3069--3119},
%   year={2010},
%   month={Nov},
%   publisher={American Physical Society},
%   doi={10.1103/RevModPhys.82.3069}
% }

% @article{abbott2016observation,
%   title={Observation of Gravitational Waves from a Binary Black Hole Merger},
%   author={Abbott, B. P. et al.},
%   journal={Physical Review Letters},
%   volume={116},
%   number={6},
%   pages={061102},
%   year={2016},
%   publisher={American Physical Society}
% }

% @article{abbott2017gw170817,
%   title={GW170817: Observation of Gravitational Waves from a Binary Neutron Star Inspiral},
%   author={Abbott, B. P. et al.},
%   journal={Physical Review Letters},
%   volume={119},
%   number={16},
%   pages={161101},
%   year={2017},
%   publisher={American Physical Society}
% }

% @article{kasen2017origin,
%   title={Origin of the Heavy Elements in Binary Neutron-Star Mergers from a Gravitational-Wave Event},
%   author={Kasen, Daniel and Metzger, Brian and Barnes, Jennifer and Quataert, Eliot and Ramirez-Ruiz, Enrico},
%   journal={Nature},
%   volume={551},
%   number={7678},
%   pages={80--84},
%   year={2017},
%   publisher={Nature Publishing Group}
% }

% @article{perna2019limits,
%   title={Limits on Electromagnetic Counterparts of Gravitational-Wave-Detected Binary Black Hole Mergers},
%   author={Perna, Rosalba and Lazzati, Davide and Farr, Will},
%   journal={The Astrophysical Journal},
%   volume={875},
%   number={1},
%   pages={49},
%   year={2019},
%   publisher={IOP Publishing}
% }

% @article{graham2020candidate,
%   title={Candidate Electromagnetic Counterpart to the Binary Black Hole Merger Gravitational-Wave Event S190521g},
%   author={Graham, M. J. et al.},
%   journal={Physical Review Letters},
%   volume={124},
%   number={25},
%   pages={251102},
%   year={2020},
%   publisher={American Physical Society}
% }

% @article{kelly2017prompt,
%   title={Prompt Electromagnetic Transients from Binary Black Hole Mergers},
%   author={Kelly, Bernard J. and Baker, John G. and Etienne, Zachariah B. and Giacomazzo, Bruno and Schnittman, Jeremy},
%   journal={Physical Review D},
%   volume={96},
%   number={12},
%   pages={123003},
%   year={2017},
%   publisher={American Physical Society}
% }

% @article{Shoshany2021_OGRe,
%   title={OGRe: An Object-Oriented General Relativity Package for Mathematica},
%   author={Shoshany, Barak},
%   journal={Journal of Open Source Software},
%   volume={6},
%   number={65},
%   pages={3416},
%   year={2021},
%   doi={10.21105/joss.03416}
% }
